@misc{nowak,
    author = {R. Nowak},
    title = {{Lecture 2: Introduction to Classification and Regression}},
    howpublished = {\url{nowak.ece.wisc.edu/SLT09/lecture2.pdf}},
    note = {Online; accessed 23 September 2018} ,
    year=2009,
    month = May
}
