@misc{question42,
    author = {Mehryar Mohri},
    title = {Solution assignment 2},
    howpublished = {\url{cs.nyu.edu/~mohri/ml/ml10/sol2.pdf}},
    note = {Online; accessed 7 October 2018} ,
    year=2010,
    month = April
}
